@misc{samesite_cookie,
  author       = {Mozilla},
  url = {https://developer.mozilla.org/en-US/docs/Web/HTTP/Headers/Set-Cookie/SameSite#values},
  title        = {SameSite cookies},
  year         = {2023},
  urldate = {2023-03-18}
}