@misc{freq_analysis,
    title = {Letter Frequencies in the English Language},
    author = {University of Notre Dame},
    url = {https://www3.nd.edu/~busiforc/handouts/cryptography/Letter%20Frequencies.html#bigrams},
    urldate = {2023-02-04}
}

@misc{pbkdf2,
  author       = {Wikipedia},
  url = {https://en.wikipedia.org/wiki/PBKDF2},
  title        = {PBKDF2},
  urldate      = {2023-02-04},
  year         = {2023}
}