@misc{csp,
  author       = {MDN Web Docs},
  title = {Content Security Policy (CSP)},
  url        = {https://developer.mozilla.org/en-US/docs/Web/HTTP/CSP},
  urldate         = {2023-04-08},
  year = {2023}
}